@article{kaboord,
	author = {Kaboord B, Perr M},
	title = {Isolation of proteins and protein complexes by immunoprecipitation},
	journal = {Methods Mol. Bio.},
	year = 2008,
	volume = {424},
	pages = {349-364}
}
@article{fields,
	author = {Fields S, Song O},
	title = {A novel genetic system to detect protein-protein interactions},
	journal = {Nature},
	year = 1989,
	volume = {340},
	month = {July},
	pages = {245-246}
}
@article{rigaut,
	author = {Rigaut G, Shevchenko A, Rutz B, Wilm M, Mann M, SÃ©raphin B},
	title = {A generic protein purification method for protein complex characterization and proteome exploration},
	journal = {Nature Biotechnology},
	year = 1999,
	volume = {17},
	month = {October},
	pages = {1030-1032}
}
@article{uniprot,
	author = {The UniProt Consortium},
	title = {Reorganizing the protein space at the Universal Protein Resource (UniProt)},
	journal = {Nucleic Acids Res.},
	year = 2012,
	volume = {40}
}
@article{pdb,
	author = {Berman HM, Battistuz T, Bhat TN, Bluhm WF, Bourne PE, Burkhardt K, Feng Z, Gilliland GL, Iype L, Jain S, Fagan P, Marvin J, Padilla D, Ravichandran V, Schneider B, Thanki N, Weissig H, Westbrook JD, Zardecki C},
	title = {The Protein Data Bank},
	journal = {Acta, Crystallogr. D. Biol. Crystallogr.},
	year = 2002,
	month = {May},
	volume = {58},
	pages = {899-907}
}
@article{scop,
	author = {Murzin AG, Brenner SE, Hubbard TJP, Chothia C},
	title = {SCOP: a structural classification of proteins database for the investigation of sequences and structures},
	journal = {Journal of Molecular Biology},
	year = 1995,
	volume = {247},
	pages = {536-540}
}
@article{ce,
	author = {Shindyalov IN, Bourne PE},
	title = {SCOP: a structural classification of proteins database for the investigation of sequences and structures},
	journal = {Protein Eng},
	year = 1998,
	volume = {11},
	pages = {739-47}
}
@article{needleman,
	author = {Needleman B, Wunsch C},
	title = {A general method applicable to the search for similarities in the amino acid sequence of two proteins},
	journal = {Journal of Molecular Biology},
	year = 1970,
	volume = {48},
	pages = {443-53}
}
@article{bron,
	author = {Bron C, Kerbosch J},
	title = {Algorithm 457: finding all cliques of an undirected graph},
	journal = {ACM},
	year = 1973,
	volume = {16},
	pages = {575-577}
}