@article{kaboord,
	author = {Kaboord, B and Perr, M},
	title = {Isolation of proteins and protein complexes by immunoprecipitation},
	journal = {Methods Mol. Bio.},
	year = 2008,
	volume = {424},
	pages = {349-364}
}
@article{fields,
	author = {Fields, S and Song, O},
	title = {A novel genetic system to detect protein-protein interactions},
	journal = {Nature},
	year = 1989,
	volume = {340},
	month = {Jul},
	pages = {245-246}
}
@article{rigaut,
	author = {Rigaut, G and Shevchenko, A and Rutz, B and Wilm, M and Mann, M and S{\'e}raphin, B},
	title = {A generic protein purification method for protein complex characterization and proteome exploration},
	journal = {Nature Biotechnology},
	year = 1999,
	volume = {17},
	month = {Oct},
	pages = {1030-1032}
}
@article{uniprot,
	author = {The UniProt Consortium},
	title = {Reorganizing the protein space at the Universal Protein Resource (UniProt)},
	journal = {Nucleic Acids Res.},
	year = 2012,
	volume = {40}
}
@article{pdb,
	author = {Berman, HM and Battistuz, T and Bhat, TN and Bluhm, WF and Bourne, PE and Burkhardt, K and Feng, Z and Gilliland, GL and Iype, L and Jain, S and Fagan, P and Marvin, J and Padilla, D and Ravichandran, V and Schneider, B and Thanki, N and Weissig, H and Westbrook, JD and Zardecki, C},
	title = {The Protein Data Bank},
	journal = {Acta, Crystallogr. D. Biol. Crystallogr.},
	year = 2002,
	month = {May},
	volume = {58},
	pages = {899-907}
}
@article{scop,
	author = {Murzin, AG and Brenner, SE and Hubbard, TJP and Chothia, C},
	title = {SCOP: a structural classification of proteins database for the investigation of sequences and structures},
	journal = {Journal of Molecular Biology},
	year = 1995,
	volume = {247},
	pages = {536-540}
}
@article{ce,
	author = {Shindyalov, IN and Bourne, PE},
	title = {SCOP: a structural classification of proteins database for the investigation of sequences and structures},
	journal = {Protein Eng},
	year = 1998,
	volume = {11},
	pages = {739-47}
}
@article{needleman,
	author = {Needleman, B and Wunsch, C},
	title = {A general method applicable to the search for similarities in the amino acid sequence of two proteins},
	journal = {Journal of Molecular Biology},
	year = 1970,
	volume = {48},
	pages = {443-53}
}
@article{bron,
	author = {Bron, C and Kerbosch, J},
	title = {Algorithm 457: finding all cliques of an undirected graph},
	journal = {ACM},
	year = 1973,
	volume = {16},
	pages = {575-577}
}
@article{boppana,
	author = {Boppana, R and Halld{\'o}rsson, M},
	title = {Approximating maximum independent sets by excluding subgraphs},
	journal = {BIT Numerical Mathematics},
	year = 1992,
	volume = {32},
	pages = {180-196}
}